<record><leader>00000cas a22000007a 4500</leader><controlfield tag="001">17821117</controlfield><controlfield tag="008">880420d1970197ulauwr ne      0    0eng d</controlfield><datafield ind1=" " ind2=" " tag="010"><subfield code="a">sn 88064343 </subfield></datafield><datafield ind1=" " ind2=" " tag="040"><subfield code="a">LNP</subfield><subfield code="b">eng</subfield><subfield code="c">LNP</subfield><subfield code="d">OCLCQ</subfield><subfield code="d">OCLCF</subfield><subfield code="d">OCLCO</subfield></datafield><datafield ind1="1" ind2=" " tag="029"><subfield code="a">AU@</subfield><subfield code="b">000020502779</subfield></datafield><datafield ind1=" " ind2=" " tag="042"><subfield code="a">msc</subfield></datafield><datafield ind1=" " ind2=" " tag="043"><subfield code="a">n-us-la</subfield></datafield><datafield ind1="0" ind2=" " tag="130"><subfield code="a">News herald (Ponchatoula, La. : 1970)</subfield></datafield><datafield ind1="1" ind2="4" tag="245"><subfield code="a">The news herald.</subfield></datafield><datafield ind1=" " ind2=" " tag="260"><subfield code="a">Independence [i.e. Ponchatoula], La. :</subfield><subfield code="b">Murray Publishers</subfield></datafield><datafield ind1=" " ind2=" " tag="310"><subfield code="a">Weekly</subfield></datafield><datafield ind1="0" ind2=" " tag="362"><subfield code="a">Vol. 23, no. 16 (Apr. 23, 1970)-</subfield></datafield><datafield ind1=" " ind2=" " tag="500"><subfield code="a">Place of publication misprinted in Apr. 23, 1970 issue.</subfield></datafield><datafield ind1=" " ind2="0" tag="651"><subfield code="a">Ponchatoula (La.)</subfield><subfield code="v">Newspapers.</subfield></datafield><datafield ind1=" " ind2="7" tag="655"><subfield code="a">Newspapers.</subfield><subfield code="2">fast</subfield><subfield code="0">(OCoLC)fst01423814</subfield></datafield><datafield ind1=" " ind2="7" tag="651"><subfield code="a">Louisiana</subfield><subfield code="z">Ponchatoula.</subfield><subfield code="2">fast</subfield><subfield code="0">(OCoLC)fst01229069</subfield></datafield><datafield ind1=" " ind2=" " tag="752"><subfield code="a">United States</subfield><subfield code="b">Louisiana</subfield><subfield code="c">Tangipahoa</subfield><subfield code="d">Ponchatoula.</subfield></datafield><datafield ind1="0" ind2="0" tag="780"><subfield code="t">Ponchatoula news herald</subfield><subfield code="w">(DLC)sn 88064342</subfield></datafield></record>